<record><leader>00000cas a22000007a 4500</leader><controlfield tag="001">13200701</controlfield><controlfield tag="008">860226d18811884njuwr ne      0    0eng d</controlfield><datafield ind1=" " ind2=" " tag="010"><subfield code="a">sn 85035813 </subfield></datafield><datafield ind1=" " ind2=" " tag="040"><subfield code="a">NPA</subfield><subfield code="b">eng</subfield><subfield code="c">NPA</subfield><subfield code="d">NJW</subfield><subfield code="d">OCLCQ</subfield></datafield><datafield ind1=" " ind2=" " tag="042"><subfield code="a">msc</subfield></datafield><datafield ind1="0" ind2="0" tag="245"><subfield code="a">Mercer County news and Allentown times.</subfield></datafield><datafield ind1="1" ind2="7" tag="246"><subfield code="a">News &amp; times</subfield></datafield><datafield ind1=" " ind2=" " tag="260"><subfield code="a">Chambersburg, Mercer Co., and Allentown, Monmouth Co., N.J. :</subfield><subfield code="b">John W. Moody</subfield></datafield><datafield ind1=" " ind2=" " tag="300"><subfield code="a">v. :</subfield><subfield code="b">ill. (chiefly advertisements) ;</subfield><subfield code="c">50 cm.</subfield></datafield><datafield ind1=" " ind2=" " tag="310"><subfield code="a">Weekly</subfield></datafield><datafield ind1="1" ind2=" " tag="362"><subfield code="a">Began in 1881; ceased in 1884?</subfield></datafield><datafield ind1=" " ind2=" " tag="500"><subfield code="a">Published simultaneously in Chambersburg, N.J. and Allentown, N.J.</subfield></datafield><datafield ind1=" " ind2=" " tag="588"><subfield code="a">Description based on: Whole no. 524 (Sept. 22, 1881).</subfield></datafield><datafield ind1=" " ind2=" " tag="752"><subfield code="a">United States</subfield><subfield code="b">New Jersey</subfield><subfield code="c">Mercer</subfield><subfield code="d">Chambersburg.</subfield></datafield><datafield ind1=" " ind2=" " tag="752"><subfield code="a">United States</subfield><subfield code="b">New Jersey</subfield><subfield code="c">Monmouth</subfield><subfield code="d">Allentown.</subfield></datafield><datafield ind1="0" ind2="4" tag="780"><subfield code="t">Mercer County news</subfield></datafield><datafield ind1="0" ind2="4" tag="780"><subfield code="t">Allentown times</subfield></datafield><datafield ind1="0" ind2="0" tag="785"><subfield code="t">Mercer County news and Chambersburg weekly</subfield></datafield></record>